<record><leader>00000cas a2200000 a 4500</leader><controlfield tag="001">10673959</controlfield><controlfield tag="008">840430d18261831nhuwr ne      0    0eng c</controlfield><datafield ind1=" " ind2=" " tag="010"><subfield code="a">sn 84022930 </subfield></datafield><datafield ind1=" " ind2=" " tag="040"><subfield code="a">NPX</subfield><subfield code="b">eng</subfield><subfield code="c">NPX</subfield><subfield code="d">DLC</subfield><subfield code="d">NPY</subfield><subfield code="d">NVH</subfield><subfield code="d">CNW</subfield><subfield code="d">DLC</subfield><subfield code="d">OCL</subfield><subfield code="d">NYS</subfield><subfield code="d">KRTAS</subfield><subfield code="d">OCLCQ</subfield><subfield code="d">OCLCF</subfield><subfield code="d">OCLCO</subfield></datafield><datafield ind1="1" ind2=" " tag="029"><subfield code="a">AU@</subfield><subfield code="b">000020129203</subfield></datafield><datafield ind1=" " ind2=" " tag="042"><subfield code="a">pcc</subfield></datafield><datafield ind1=" " ind2=" " tag="043"><subfield code="a">n-us-nh</subfield></datafield><datafield ind1="0" ind2="0" tag="050"><subfield code="a">Newspaper 8713</subfield></datafield><datafield ind1="0" ind2=" " tag="130"><subfield code="a">New-Hampshire journal (Concord, N.H. : 1826)</subfield></datafield><datafield ind1="1" ind2="4" tag="245"><subfield code="a">The New-Hampshire journal.</subfield></datafield><datafield ind1=" " ind2=" " tag="260"><subfield code="a">Concord [N.H.] :</subfield><subfield code="b">Henry E. Moore,</subfield><subfield code="c">1826-1831.</subfield></datafield><datafield ind1=" " ind2=" " tag="300"><subfield code="a">v. ;</subfield><subfield code="c">56 cm.</subfield></datafield><datafield ind1=" " ind2=" " tag="310"><subfield code="a">Weekly</subfield></datafield><datafield ind1="0" ind2=" " tag="362"><subfield code="a">Vol. 1, no. 1 (Sept. 11, 1826)-v. 5, no. 245 (May 16, 1831).</subfield></datafield><datafield ind1=" " ind2=" " tag="500"><subfield code="a">Publisher: Jacob B. Moore, &lt;Apr. 21, 1828&gt;-</subfield></datafield><datafield ind1=" " ind2="0" tag="651"><subfield code="a">Concord (N.H.)</subfield><subfield code="v">Newspapers.</subfield></datafield><datafield ind1=" " ind2="0" tag="651"><subfield code="a">Merrimack County (N.H.)</subfield><subfield code="v">Newspapers.</subfield></datafield><datafield ind1=" " ind2="7" tag="655"><subfield code="a">Newspapers.</subfield><subfield code="2">fast</subfield><subfield code="0">(OCoLC)fst01423814</subfield></datafield><datafield ind1=" " ind2="7" tag="651"><subfield code="a">New Hampshire</subfield><subfield code="z">Concord.</subfield><subfield code="2">fast</subfield><subfield code="0">(OCoLC)fst01205752</subfield></datafield><datafield ind1=" " ind2="7" tag="651"><subfield code="a">New Hampshire</subfield><subfield code="z">Merrimack County.</subfield><subfield code="2">fast</subfield><subfield code="0">(OCoLC)fst01211979</subfield></datafield><datafield ind1=" " ind2=" " tag="752"><subfield code="a">United States</subfield><subfield code="b">New Hampshire</subfield><subfield code="c">Merrimack</subfield><subfield code="d">Concord.</subfield></datafield><datafield ind1="0" ind2="7" tag="785"><subfield code="t">New-Hampshire statesman and Concord register</subfield><subfield code="w">(DLC)sn 84022929</subfield><subfield code="w">(OCoLC)10673898</subfield></datafield><datafield ind1="0" ind2="7" tag="785"><subfield code="t">New-Hampshire statesman and state journal</subfield><subfield code="w">(DLC)sn 84022931</subfield><subfield code="w">(OCoLC)10674029</subfield></datafield><datafield ind1=" " ind2=" " tag="938"><subfield code="a">Kirtas Technologies, Inc.</subfield><subfield code="b">KRTS</subfield><subfield code="n">738399</subfield></datafield></record>